<?xml version="1.0" encoding="UTF-8"?><collection xmlns="http://www.loc.gov/MARC21/slim"><record><leader>00338nam--2200121-i-4500</leader><controlfield tag="001">000015951</controlfield><controlfield tag="002">20161230</controlfield><controlfield tag="005">20161230201031</controlfield><controlfield tag="008">060222s1000------------r-----000-0-eng-d</controlfield><datafield ind1=" " ind2=" " tag="080"><subfield code="a">621.382(063)</subfield></datafield><datafield ind1=" " ind2=" " tag="245"><subfield code="a">Cas-1986. lucrarile conferintei anuale de semi conductoare. editia a 9-a</subfield></datafield><datafield ind1=" " ind2=" " tag="260"><subfield code="a">Bucuresti, Ccsit-ce, 1986. 459 P</subfield></datafield><datafield ind1=" " ind2=" " tag="852"><subfield code="a">74299</subfield></datafield></record></collection>